[gd_scene load_steps=4 format=2]

[ext_resource path="res://interface/Theme.tres" type="Theme" id=1]
[ext_resource path="res://interface/pause/Pause.gd" type="Script" id=2]
[ext_resource path="res://interface/pause/changed.wav" type="AudioStream" id=3]

[node name="Pause" type="Panel"]
pause_mode = 2
visible = false
anchor_right = 1.0
anchor_bottom = 1.0
theme = ExtResource( 1 )
script = ExtResource( 2 )
__meta__ = {
"_edit_group_": true
}

[node name="CenterContainer" type="CenterContainer" parent="."]
anchor_right = 1.0
anchor_bottom = 1.0

[node name="VBoxContainer" type="VBoxContainer" parent="CenterContainer"]
margin_left = 77.0
margin_top = 124.0
margin_right = 103.0
margin_bottom = 196.0

[node name="Label" type="Label" parent="CenterContainer/VBoxContainer"]
margin_right = 26.0
margin_bottom = 13.0
text = "Paused"
align = 1

[node name="HSeparator" type="HSeparator" parent="CenterContainer/VBoxContainer"]
margin_top = 17.0
margin_right = 26.0
margin_bottom = 21.0

[node name="Resume" type="Button" parent="CenterContainer/VBoxContainer"]
margin_top = 25.0
margin_right = 26.0
margin_bottom = 38.0
size_flags_horizontal = 4
text = "Resume"

[node name="Menu" type="Button" parent="CenterContainer/VBoxContainer"]
margin_top = 42.0
margin_right = 26.0
margin_bottom = 55.0
size_flags_horizontal = 4
text = "Menu"

[node name="Quit" type="Button" parent="CenterContainer/VBoxContainer"]
margin_top = 59.0
margin_right = 26.0
margin_bottom = 72.0
size_flags_horizontal = 4
text = "Quit"

[node name="Changed" type="AudioStreamPlayer" parent="."]
stream = ExtResource( 3 )
[connection signal="pressed" from="CenterContainer/VBoxContainer/Resume" to="." method="_on_Resume_pressed"]
[connection signal="pressed" from="CenterContainer/VBoxContainer/Menu" to="." method="_on_Menu_pressed"]
[connection signal="pressed" from="CenterContainer/VBoxContainer/Quit" to="." method="_on_Quit_pressed"]
