[gd_scene load_steps=13 format=2]

[ext_resource path="res://actor/enemy/Enemy.gd" type="Script" id=1]
[ext_resource path="res://actor/enemy/enemies.png" type="Texture" id=2]
[ext_resource path="res://actor/enemy/hit.wav" type="AudioStream" id=3]
[ext_resource path="res://actor/enemy/shoot.wav" type="AudioStream" id=4]
[ext_resource path="res://actor/enemy/spawn.wav" type="AudioStream" id=5]

[sub_resource type="RectangleShape2D" id=1]
extents = Vector2( 6, 6 )

[sub_resource type="Animation" id=2]
resource_name = "blue"
loop = true
tracks/0/type = "value"
tracks/0/path = NodePath("Sprite:frame")
tracks/0/interp = 1
tracks/0/loop_wrap = true
tracks/0/imported = false
tracks/0/enabled = true
tracks/0/keys = {
"times": PoolRealArray( 0, 0.5 ),
"transitions": PoolRealArray( 1, 1 ),
"update": 1,
"values": [ 4, 5 ]
}

[sub_resource type="Animation" id=3]
loop = true
tracks/0/type = "value"
tracks/0/path = NodePath("Sprite:frame")
tracks/0/interp = 1
tracks/0/loop_wrap = true
tracks/0/imported = false
tracks/0/enabled = true
tracks/0/keys = {
"times": PoolRealArray( 0, 0.5 ),
"transitions": PoolRealArray( 1, 1 ),
"update": 1,
"values": [ 2, 3 ]
}

[sub_resource type="Animation" id=4]
loop = true
tracks/0/type = "value"
tracks/0/path = NodePath("Sprite:frame")
tracks/0/interp = 1
tracks/0/loop_wrap = true
tracks/0/imported = false
tracks/0/enabled = true
tracks/0/keys = {
"times": PoolRealArray( 0, 0.5 ),
"transitions": PoolRealArray( 1, 1 ),
"update": 1,
"values": [ 0, 1 ]
}

[sub_resource type="AudioStreamRandomPitch" id=5]
audio_stream = ExtResource( 3 )

[sub_resource type="AudioStreamRandomPitch" id=6]
audio_stream = ExtResource( 4 )

[sub_resource type="Curve" id=7]
_data = [ Vector2( 0, 1 ), 0.0, 0.0, 0, 0, Vector2( 0.430976, 1 ), 0.0, 0.0, 0, 0, Vector2( 1, 0 ), 0.0, 0.0, 0, 0 ]

[node name="Enemy" type="KinematicBody2D" groups=[
"rewind",
]]
collision_layer = 4
collision_mask = 17
script = ExtResource( 1 )
__meta__ = {
"_edit_group_": true
}

[node name="CollisionShape2D" type="CollisionShape2D" parent="."]
shape = SubResource( 1 )

[node name="AnimationPlayer" type="AnimationPlayer" parent="."]
anims/blue = SubResource( 2 )
anims/green = SubResource( 3 )
anims/orange = SubResource( 4 )

[node name="Sprite" type="Sprite" parent="."]
texture = ExtResource( 2 )
vframes = 3
hframes = 2
frame = 4
region_rect = Rect2( 8, 8, 8, 8 )

[node name="BulletSpawn" type="Position2D" parent="."]
position = Vector2( 0, 5 )

[node name="Cooldown" type="Timer" parent="."]
autostart = true

[node name="Hit" type="Timer" parent="."]
wait_time = 0.1
one_shot = true

[node name="SFX" type="Node" parent="."]

[node name="Hit" type="AudioStreamPlayer2D" parent="SFX"]
stream = SubResource( 5 )
bus = "SFX"

[node name="Shoot" type="AudioStreamPlayer2D" parent="SFX"]
stream = SubResource( 6 )
bus = "SFX"

[node name="Spawn" type="AudioStreamPlayer2D" parent="SFX"]
stream = ExtResource( 5 )
autoplay = true
bus = "SFX"

[node name="Particles2D" type="CPUParticles2D" parent="."]
show_behind_parent = true
local_coords = false
gravity = Vector2( 0, 0 )
initial_velocity = 0.0
angular_velocity = 1.0
angle = 360.0
angle_random = 1.0
scale_amount = 3.0
scale_amount_curve = SubResource( 7 )
[connection signal="timeout" from="Cooldown" to="." method="_on_Cooldown_timeout"]
[connection signal="timeout" from="Hit" to="." method="_on_Hit_timeout"]
