[gd_scene load_steps=4 format=2]

[ext_resource path="res://interface/Theme.tres" type="Theme" id=1]
[ext_resource path="res://interface/stats/Stats.gd" type="Script" id=2]
[ext_resource path="res://interface/stats/rewind-no.png" type="Texture" id=3]

[node name="Stats" type="Control"]
anchor_right = 1.0
margin_bottom = 24.0
rect_min_size = Vector2( 0, 24 )
theme = ExtResource( 1 )
script = ExtResource( 2 )
__meta__ = {
"_edit_group_": true
}

[node name="ColorRect" type="ColorRect" parent="."]
margin_right = 180.0
margin_bottom = 24.0
rect_min_size = Vector2( 0, 16 )
theme = ExtResource( 1 )
color = Color( 0.992157, 0.992157, 0.972549, 0.27451 )

[node name="MarginContainer" type="MarginContainer" parent="."]
margin_left = 5.0
margin_right = 175.0
margin_bottom = 24.0

[node name="HBoxContainer" type="HBoxContainer" parent="MarginContainer"]
margin_right = 170.0
margin_bottom = 24.0

[node name="Rewind" type="TextureRect" parent="MarginContainer/HBoxContainer"]
margin_right = 8.0
margin_bottom = 24.0
texture = ExtResource( 3 )
stretch_mode = 4

[node name="Score" type="Label" parent="MarginContainer/HBoxContainer"]
margin_left = 12.0
margin_top = 5.0
margin_right = 89.0
margin_bottom = 18.0
size_flags_horizontal = 3
text = "Score: 0"

[node name="Hearts" type="HBoxContainer" parent="MarginContainer/HBoxContainer"]
margin_left = 93.0
margin_right = 170.0
margin_bottom = 24.0
size_flags_horizontal = 3

[node name="Count" type="Label" parent="MarginContainer/HBoxContainer/Hearts"]
margin_top = 5.0
margin_bottom = 18.0
custom_colors/font_color = Color( 0.992157, 0.992157, 0.972549, 1 )
align = 1

[node name="Flash" type="Timer" parent="."]
wait_time = 0.3
one_shot = true
[connection signal="timeout" from="Flash" to="." method="_on_Flash_timeout"]
